@misc{goto,
  author = {Microsoft},
  title = {The goto statement},
  year = 2003,
  howpublished = {\url{https://msdn.microsoft.com/en-us/library/aa664758(v=vs.71).aspx}},
  note = {visited: 18/05-2015}
}

@misc{usb_spec,
  author = {usb.org},
  title = {Universal Serial Bus Cables and Connectors Class Document},
  year = 2007,
  howpublished = {\url{http://www.usb.org/developers/docs/devclass_docs/CabConn20.pdf}},
  note = {visited: 18/12-2015}
}

@book{Cormen:2009:IAT:1614191,
 author = {Cormen and Thomas H. \& Leiserson and Charles E. \& Rivest and Ronald L. \& Stein and Clifford},
 title = {Introduction to Algorithms},
 year = {2009},
 isbn = {0262033844, 9780262033848},
 edition = {3rd},
 publisher = {The MIT Press},
}

@book{sommerville,
 author = {Ian Sommerville},
 title = {Introduction to Algorithms},
 year = {2015},
 isbn = {978-1292096131},
 edition = {10th},
 publisher = {Pearson},
}


@misc{rgb_black_and_white,
    author    = {Black and White Digital Photography},
    title     = "RGB Colour",
    year      = "2015",
   howpublished = {\url{http://www.blackandwhitedigital.com/Theory/rgb.html}},
  note = {visited: 17/12-2015}
}

@misc{gray_scale_brightness,
    author    = {R. Fisher and S. Perkins and A. Walker and E. Wolfart.},
    title     = "Gray scale brightness",
    year      = "2003",
   howpublished = {\url{http://homepages.inf.ed.ac.uk/rbf/HIPR2/gryimage.htm}},
  note = {visited: 20/12-2015}
}

@misc{image_gradient,
    author    = {David Jacobs},
    title     = "Image Gradients",
    year      = "2005",
   howpublished = {\url{http://www.cs.umd.edu/~djacobs/CMSC426/ImageGradients.pdf}},
  note = {visited: 17/12-2015}
}

@misc{shape_recogn,
    author    = {K. Mikolajczyk and A. Zisserman and C. Schmid},
    title     = "Shape recognition with edge-based features",
    year      = "2003",
   howpublished = {\url{https://www.robots.ox.ac.uk/~vgg/publications/2003/Mikolajczyk03a/mikolajczyk03a.pdf}},
  note = {visited: 18/11-2015}
}

@misc{edge_detection,
    author    ={John Canny},
    title     = "A Computational Approach to Edge Detection",
    year      = "1986",
   howpublished = {\url{http://ieeexplore.ieee.org/stamp/stamp.jsp?tp=&arnumber=4767851}},
  note = {visited: 18/11-2015}
}

@book{obj_recogn_book,
 author = {Milian Sonke AND Vaclav Hlavac AND Roger Boyle},
 title = {Image Processing, Analysis, and Machine Vision},
 year = {2007},
 isbn = {13: 978-0-495-24428-7},
 edition = {3rd, international student edition},
 publisher = {Thomson/West},
}

@misc{shape_match,
    author    = {S. Belongie, J. Malik, J. Puzicha},
    title     = {Shape Matching and Object Recognition Using Shape Contexts},
    year      = "2002",
   howpublished = {\url{https://www.cs.berkeley.edu/~malik/papers/BMP-shape.pdf}},
  note = {visited: 18/11-2015}
}

@misc{rotation_definitions,
  author = {thelibraryofmanufacturing.com},
  title = {Rotation definitions},
  year = 2013,
  howpublished = {\url{http://thelibraryofmanufacturing.com/imagesC/true_centrifugal_casting1.jpg}},
  note = {visited: 10/11-2015}
}

@misc{nxtosek,
  author = {Takashi Chikamasa},
  title = {nxtOSEK, what is},
  year = 2009,
  howpublished = {\url{http://lejos-osek.sourceforge.net/whatislejososek.htm}},
  note = {visited: 1/10-2015}
}

@misc{nxt_motor,
  author = {The international Fan-Created Lego® Users Group Network},
  title = {Lego Mindstorms NXT 2.0 Motors},
  howpublished = {\url{http://www.philohome.com/nxtmotor/nxtmotor.htm}},
  note = {visited: 17/09-2015}
}

@misc{lego_mindstorms,
  author = {Lego Corporations},
  title = {Lego Mindstorms NXT 2.0},
  howpublished = {\url{https://en.wikipedia.org/wiki/Lego_Mindstorms}},
  note = {visited: 17/09-2015}
}

@misc{ard_1,
  author = {Arduino},
  title = {What is Arduino},
  howpublished = {\url{https://www.arduino.cc/en/guide/introduction}},
  note = {visited: 10/11-2015}
}

@misc{usb_shl_1,
  author = {SparkFun},
  title = {SparkFun USB Host Shield},
  howpublished = {\url{https://www.sparkfun.com/products/9947}},
  note = {visited: 10/11-2015}
}

@misc{eth_shl_1,
  author = {SparkFun},
  title = {Arduino Ethernet Shield 2},
  howpublished = {\url{https://www.sparkfun.com/products/11166}},
  note = {visited: 10/11-2015}
}

@misc{rs_pi_board,
  author = {RS Components Ltd.},
  title = {Raspberry Pi B},
  howpublished = {\url{http://uk.rs-online.com/web/p/processor-microcontroller-development-kits/7568308/}},
  note = {visited: 10/11-2015}
}

@misc{rs_pi_zero,
  author = {Raspberry Pi Foundation},
  title = {Raspberry Pi B},
  howpublished = {\url{https://www.raspberrypi.org/products/pi-zero/}},
  note = {visited: 17/12-2015}
}

@misc{rs_chg,
  author = {RS Components Ltd.},
  title = {+5V dc, 1 Output, Plug In Power Supply, 2A, 10W, Australia/China, European Plug, UK, US/Japan},
  howpublished = {\url{http://uk.rs-online.com/web/p/plug-in-power-supply/8226373/?origin=PSF_430702|acc}},
  note = {visited: 10/11-2015}
}

@misc{rsp,
  author = {RASPBERRY PI FOUNDATION},
  title = {WHAT IS A RASPBERRY PI?},
  howpublished = {\url{https://www.raspberrypi.org/help/what-is-a-raspberry-pi/}},
  note = {visited: 21/09-2015}
}


@misc{rsp2,
  author = {wikimedia},
  title = {Raspberry Pi},
  howpublished = {\url{https://en.wikipedia.org/wiki/Raspberry_Pi}},
  note = {visited: 24/09-2015}
}

@misc{opencv,
  author = {OpenCV staff},
  title = {OpenCV},
  howpublished = {\url{http://opencv.org}},
  note = {visited: 28/09-2015}
}

@misc{kinect,
  author = {Microsoft},
  title = {Microsoft Kinect},
  howpublished = {\url{https://dev.windows.com/en-us/kinect/hardware}},
  note = {visited: 29/09-2015}
}

@misc{kinect_price,
  author = {Microsoft},
  title = {Microsoft Kinect Retail},
  howpublished = {\url{http://www.microsoft.com/en-us/kinectforwindows/purchase/}},
  note = {visited: 05/11-2015}
}

@misc{video_blaster,
  author = {Creative},
  title = {Creative Video Blaster WebCam 3},
  howpublished = {\url{https://images-na.ssl-images-amazon.com/media/i3d/01/A/man-migrate/MANUAL000036191.pdf}},
  note = {visited: 01/10-2015}
}

@misc{pid_controller,
  author = {University of Michigan},
  title = {Introduction: PID Controller Design},
  howpublished = {\url{http://ctms.engin.umich.edu/CTMS/index.php?example=Introduction&section=ControlPID}},
  note = {visited: 20/10-2015}
}

@misc{pid_controlle_picr,
  author = {University of Michigan},
  title = {Introduction: PID Controller Design},
  howpublished = {\url{http://ctms.engin.umich.edu/CTMS/Content/Introduction/Control/PID/html/Introduction_ControlPID_02.png}},
  note = {visited: 20/10-2015}
}

@misc{pricerunner_webcam,
  author = {Pricerunner},
  title = {Pricerunner webcams},
  howpublished = {\url{http://www.pricerunner.dk/cl/49/Webkamera?price_max=500}},
  note = {visited: 17/11-2015}
}

@misc{ebd_webcam,
  author = {Ebd priserr},
  title = {Ebd priser webcams},
  howpublished = {\url{http://www.edbpriser.dk/foto-og-video/webcam.aspx}},
  note = {visited: 17/11-2015}
}

@misc{rs485_shield,
  author = {Sparkfun},
  title = {Sparkfun RS485 Shield},
  howpublished = {\url{https://www.sparkfun.com/products/retired/12826}},
  note = {visited: 7/12-2015}
}

@misc{lego_hardware,
  author = {Lego Corporations},
  title = {Lego Mindstorms NXT Hardware Developer Kit},
  howpublished = {\url{http://www.legolab.daimi.au.dk/DigitalControl.dir/LEGO MINDSTORMS NXT Hardware Developer Kit/LEGO MINDSTORMS NXT Hardware Developer Kit.pdf}},
  note = {visited: 8/12-2015}
}

@misc{pi_gpio_1,
  author = {Broadcom},
  title = {BCM2835 ARM Peripherals},
  howpublished = {\url{https://www.raspberrypi.org/wp-content/uploads/2012/02/BCM2835-ARM-Peripherals.pdf}},
  note = {visited: 8/12-2015}
}

@misc{pi_gpio_2,
  author = {Broadcom},
  title = {Raspberry Pi R2.0 Schematics Issue 2.2\_027},
  howpublished = {\url{https://www.raspberrypi.org/wp-content/uploads/2012/10/Raspberry-Pi-R2.0-Schematics-Issue2.2\_027.pdf}},
  note = {visited: 8/12-2015}
}

@misc{lego_driver,
  author = {Lego Corporations},
  title = {Mindstorms DOWNLOADS},
  howpublished = {\url{http://www.lego.com/da-dk/mindstorms/downloads}},
  note = {visited: 8/12-2015}
}

@misc{ev3_specs,
  author = {Lego Corporations},
  title = {LEGO MINDSTORMS EV3 Hardware Developer Kit (page 3},
  howpublished = {\url{http://www.lego.com/da-dk/mindstorms/downloads}},
  note = {visited: 16/12-2015}
}


@misc{rsp_zero_ethernet,
  author = {Alex Eames},
  title = {Ethernet On Pi Zero – How To Put An Ethernet Port On Your Pi},
  howpublished = {\url{http://raspi.tv/2015/ethernet-on-pi-zero-how-to-put-an-ethernet-port-on-your-pi}},
  note = {visited: 17/12-2015}
}

@misc{gimbal,
  author = {Newport},
  title = {Gimball Mirror Mounts},
  howpublished = {\url{http://www.newport.com/Gimbal-Mirror-Mounts/1025182/1033/info.aspx}},
  note = {visited: 17/12-2015}
}

@misc{imdb_robot,
	author = {IMDb staff},
	title = {I, Robot},
	howpublished = {\url{http://www.imdb.com/title/tt0343818/}},
	note = {visited: 17/12-2015}
}

@misc{ai_microsoft,
	author = {John Brownlee},
	title = {Microsoft: 2016 Will Be The Year Of AI},
	howpublished = {\url{http://www.fastcodesign.com/3054388/microsoft-2016-will-be-the-year-of-ai}},
	note = {visited: 17/12-2015}
}

@misc{facebook_ai,
	author = {Mike Schroepfer},
	title = {Teaching machines to see and understand: Advances in AI research},
	howpublished = {\url{https://code.facebook.com/posts/1478523512478471/teaching-machines-to-see-and-understand-advances-in-ai-research/}},
	note = {visited: 18/12-2015}
}
@misc{ai_facial_recog,
	author = {Kevin Bonsor, Ryan Johnson},
	title = {How Facial Recognition Systems Work},
	howpublished = {\url{http://electronics.howstuffworks.com/gadgets/high-tech-gadgets/facial-recognition.htmi}},
	note = {visited: 18/12-2015}
}
@misc{city_surveillance,
	author = {Heather Kelly},
	title = {After Boston: The Pros and cons of surveillance cameras},
	howpublished = {\url{http://edition.cnn.com/2013/04/26/tech/innovation/security-cameras-boston-bombings/}},
	note = {visited: 18/12-2015}
}
@misc{twenty_spec,
	author = {Heather Kelly},
	title = {Comparing Today's Computers To 1995's},
	howpublished = {\url{http://www.relativelyinteresting.com/wp-content/uploads/2012/02/falll+1995+computer.jpg}},
	note = {visited: 18/12-2015}
}
@misc{rockwell_system,
	author = {Rockwell Collins},
	title = {Firestorm Integrated Targeting System},
	howpublished = {\url{https://www.rockwellcollins.com/Data/Products/Precision_Targeting_and_Weapons/Precision_Targeting/FireStorm_Integrated_Targeting_System.aspx}},
	note = {visited: 18/12-2015}
}
@misc{cv_tools,
	author = {Sergey Koulik},
	title = {Face Recognition},
	year = {2010},
	howpublished = {\url{http://www.computer-vision-software.com/blog/tag/object-recognition/}},
	note = {visited: 18/12-2015}
}
@article{rts_depend,
 author = {Avizienis, Algirdas and Laprie, Jean-Claude and Randell, Brian and Landwehr, Carl},
 title = {Basic Concepts and Taxonomy of Dependable and Secure Computing},
 journal = {IEEE Trans. Dependable Secur. Comput.},
 issue_date = {January 2004},
 volume = {1},
 number = {1},
 month = jan,
 year = {2004},
 issn = {1545-5971},
 pages = {11--33},
 numpages = {23},
 url = {http://dx.doi.org/10.1109/TDSC.2004.2},
 doi = {10.1109/TDSC.2004.2},
 acmid = {1026492},
 publisher = {IEEE Computer Society Press},
 address = {Los Alamitos, CA, USA},
 keywords = {65, Index Terms- Dependability, Index Terms- Dependability, security, trust, faults, errors, failures, vulnerabilities, attacks, fault tolerance, fault removal, fault forecasting., attacks, errors, failures, fault forecasting., fault removal, fault tolerance, faults, security, trust, vulnerabilities},
}